@article{EmpiricalTDD,
  title = {Realizing quality improvement through test driven development: results and experiences of four industrial teams},
  author = {Nachiappan Nagappan and E. Michael Maximilien and Thirumalesh Bhat and Laurie Williams},
  journal = {Empir Software Eng},
  publisher = {Springer Science + Business Media},
  editor = {Pankaj Jalote},
  year = 2008,
  month = February,
  volume = 13,
  number = 5
}

@article{PMNetworkFailureDrop,
  title = {Failure Rates Finally Drop},
  author = {Sarah Fister Gale},
  journal = {PM Network},
  year = 2011,
  month = August,
  volume = 25,
  number = 8
}

@article{HumbleProgrammer,
  title = {The Humble Programmer},
  author = {Edsger Dijkstra},
  journal = {Communications of ACM},
  publisher = {Association for Computer Machinery},
  year = 1972,
  volume = 15,
  number = 10
}

@article{ThePeopleFactor,
  title = {Agile development: the people factor},
  author = {Alistair Cockburn and Jim Highsmith},
  journal = {IEEE Computer},
  year = 2001,
  month = November,
}

@article{TheBusinessOfInnovation,
  title = {Agile development: the business of innovation},
  author = {Jim Highsmith and Alistair Cockburn},
  journal = {IEEE Computer},
  year = 2001,
  month = September,
  volume = 34,
  number = 9,
  ee = {http://doi.ieeecomputersociety.org/10.1109/2.947100},
}

@article{IntroducingBLDD,
  author    = {Rog{\'e}rio Atem de Carvalho and
               Rodrigo Soares Manh{\~ a}es and
               Fernando Luis de Carvalho e Silva},
  title     = {Introducing Business Language Driven Development},
  journal   = {CoRR},
  volume    = {abs/1011.2238},
  year      = {2010},
  ee        = {http://arxiv.org/abs/1011.2238},
  bibsource = {DBLP, http://dblp.uni-trier.de}
}

@book{Sommerville,
  title={Engenharia de Software},
  author={Ian Sommerville},
  year={2007},
  edition = {8},
  publisher={Pearson Addison Wesley}
}

@book{TesteSoftware,
  title={Introdu{\c{c}}{\~ a}o ao teste de software},
  author={M{\'a}rcio Eduardo Delamaro and Jos{\'e} Carlos Maldonado and Mario Jino},
  isbn={9788535226348},
  year={2007},
  publisher={CAMPUS}
}

@book{Boehm,
  title = {Software Engineering Economics},
  author = {Barry Boehm},
  publisher = {Prentice-Hall},
  year = 1981,
  address = {New York}
}

@book{Pressman,
  Title={Engenharia de Software},
  Author={Roger S. Pressman},
  isbn={9788586804571},
  year={2006},
  publisher={MCGRAW HILL - ARTMED}
}

@book{AMaquinaQueMudouOMundo,
  title = {A m{\'a}quina que mudou o mundo},
  author = {James P. WOMACK and Daniel T. JONES and Daniel Roos},
  isbn = {9788535212693},
  year = {2004},
  publisher = {CAMPUS}
}

@book{GrowingOOByTests,
  title = {Growing Object-Oriented Software, Guided by Tests},
  author = {Steve Freeman and Nat Pryce},
  isbn = {9780321503626},
  lccn = {2009035239},
  series = {Addison-Wesley signature series},
  year = {2009},
  publisher = {Addison Wesley}
}

@book{FowlerRefatoracao,
  title={Refatoração},
  subtitle={Aperfeiçoando o Projeto de Código Existente},
  author={Martin Fowler},
  isbn={9788536303956},
  year={2004},
  publisher={bookman}
}

@book{ContinuousTesting,
  title={Continuous Testing},
  author={Ben Rady and Rod Coffin},
  year={2011},
  publisher={The Pragmatic Bookshelf}
}

@book{NaurRandell,
  title = {Software Engineering},
  subtitle = {Report on a Conference Sponsored by the NATO Science Commitee},
  author = {Peter Naur and Brian Randell},
  publisher = {},
  year = 1968,
  address = {Garmisch/Germany}
}

@book{XPTeles,
  title = {Extreme Programming},
  author = {Vinícius Manhães Teles},
  subtitle = {Aprenda Como Encantar Seus Usuários Desenvolvendo Software com Agilidade e Alta Qualidade},
  publisher = {Novatec},
  year = 2004,
  address = {São Paulo}
}

@book{XPKent,
  title = {Programação extrema (XP) explicada},
  subtitle = {Acolha as mudanças},
  author = {Kent Beck},
  publisher = {Bookman},
  year = 2004,
}

@book{RSpecBook,
  title = {The RSpec Book},
  subtitle = {Behaviour Driven Development with RSpec, Cucumber, and Friends},
  author = {David Chelimsky and Dave Astels and Zach Dennis and Aslak Hellesoy and Bryan Helmkamp and Dan North},
  publisher = {The Pragmatic Bookshelf},
  year = 2010,
  address = {Dallas},
}

@book{XUnit,
  title = {XUnit Test Patterns},
  subtitle = {Refactoring Test Code},
  author = {Gerard Meszaros},
  publisher = {Addison-Wesley},
  year = 2007
}

@book{TDDbyExample,
  title = {Test-Driven Development},
  subtitle = {By Example},
  author = {Kent Beck},
  publisher = {Addison Wesley},
  year = 2002,
  address = {Boston}
}

@book{TestDrivenKoskela,
  title = {Test Driven},
  subtitle = {TDD and Acceptance TDD for Java Developers},
  author = {Lasse Koskela},
  publisher = {Manning},
  year = 2007,
  address = {New York}
}

@book{ArtOfAgileDevelopment,
  title={The art of agile development},
  author={James Shore and Shane Warden},
  isbn={9780596527679},
  series={Theory in practice},
  year={2008},
  publisher={O'Reilly Media, Inc.}
}

@book{LegacyCode,
  title={Working effectively with legacy code},
  author={Michael C. Feathers},
  isbn={9780132931755},
  series={Robert C. Martin Series},
  year={2004},
  publisher={Pearson Education}
}

@book{CleanCode,
  title={Clean code},
  subtitle={a handbook of agile software craftsmanship},
  author={Robert C. Martin},
  isbn={9780132350884},
  lccn={2008024750},
  series={Robert C. Martin series},
  year={2009},
  publisher={Prentice Hall}
}

@book{EmergentDesign,
  title={Emergent Design},
  subtitle={The Evolutionary Nature of Professional Software Development},
  author={Scott L. Bain},
  year={2008},
  publisher={Addison Wesley Professional}
}

@book{DDD,
  title = {{Domain-Driven Design}},
  subtitle = {{Tackling Complexity in the Heart of Software}},
  author = {Eric Evans},
  publisher = {Addison-Wesley},
  year = 2004,
  address = {New York}
}

@inproceedings{BDDSolis,
  author={Solis, Carlos and Wang, Xiaofeng},
  booktitle={37th EUROMICRO Conference on Software Engineering and Advanced Applications},
  title={A study of the characteristics of behaviour driven development},
  year={2011},
  pages={383 - 387},
  keywords={test driven development; ubiquitous language; automated acceptance testing},
  publisher={IEEE Computer Society},
  url={http://hdl.handle.net/10344/1256},
}

@inproceedings{JanzenTDD,
  author={Janzen, D.S. and Saiedian, H.},
  booktitle={Software Engineering Education and Training, 2006. Proceedings. 19th Conference on},
  title={On the Influence of Test-Driven Development on Software Design},
  year={2006},
  month={april},
  pages={141 - 148},
  keywords={agile software development;internal software design quality;iterative development approach;iterative test-first approach;iterative test-last approach;linear test-last approach;object decomposition;programmer discipline;programmer motivation;programming project;software engineering course;test-driven development;undergraduate students;computer science education;educational courses;object-oriented programming;program testing;software architecture;software quality;teaching;},
  doi={10.1109/CSEET.2006.25},
  ISSN={1093-0175},
}

@inproceedings{MaximilienTDD,
  author={Maximilien, E.M. and Williams, L.},
  booktitle={Software Engineering, 2003. Proceedings. 25th International Conference on},
  title={Assessing test-driven development at IBM},
  year={2003},
  month={may},
  pages={ 564 - 569},
  keywords={IBM retail store solution; ad-hoc unit testing; automated unit testing; software development group; software system quality; test-driven development; formal specification; formal verification; program testing; project management; software development management; software quality;},
  doi={10.1109/ICSE.2003.1201238},
  ISSN={0270-5257},
}

@incollection{ChinaTDD,
  author = {Lui, Kim and Chan, Keith},
  affiliation = {Department of Computing, The Hong Kong Polytechnic University, Hung Hom, Hong Kong},
  title = {Test Driven Development and Software Process Improvement in China},
  booktitle = {Extreme Programming and Agile Processes in Software Engineering},
  series = {Lecture Notes in Computer Science},
  editor = {Eckstein, Jutta and Baumeister, Hubert},
  publisher = {Springer Berlin / Heidelberg},
  isbn = {978-3-540-22137-1},
  keyword = {Computer Science},
  pages = {219-222},
  volume = {3092},
  url = {http://dx.doi.org/10.1007/978-3-540-24853-8%5F27},
  year = {2004}
}

@article{DammTDD,
  title = {Introducing Test Automation and Test-Driven Development: An Experience Report},
  journal = {Electronic Notes in Theoretical Computer Science},
  volume = {116},
  number = {0},
  pages = {3 - 15},
  year = {2005},
  issn = {1571-0661},
  doi = {10.1016/j.entcs.2004.02.090},
  url = {http://www.sciencedirect.com/science/article/pii/S1571066104052739},
  author = {Lars-Ola Damm and Lars Lundberg and David Olsson},
  keywords = {Software test automation; test-driven development; component testing; unit testing; test tool}
}

@article{ErdogmusTDD,
author = {Hakan Erdogmus and Maurizio Morisio and Marco Torchiano},
title = {On the Effectiveness of the Test-First Approach to Programming},
journal ={IEEE Transactions on Software Engineering},
volume = {31},
issn = {0098-5589},
year = {2005},
pages = {226-237},
doi = {http://doi.ieeecomputersociety.org/10.1109/TSE.2005.37},
publisher = {IEEE Computer Society},
address = {Los Alamitos, CA, USA},
}

@inproceedings{GeorgeTDD,
  author = {George, Boby and Williams, Laurie},
  title = {An initial investigation of test driven development in industry},
  booktitle = {Proceedings of the 2003 ACM symposium on Applied computing},
  series = {SAC '03},
  year = {2003},
  isbn = {1-58113-624-2},
  location = {Melbourne, Florida},
  pages = {1135--1139},
  numpages = {5},
  url = {http://doi.acm.org/10.1145/952532.952753},
  doi = {http://doi.acm.org/10.1145/952532.952753},
  acmid = {952753},
  publisher = {ACM},
  address = {New York, NY, USA},
  keywords = {agile methodologies, extreme programming, software engineering, software experimentation, test driven development}
}

@misc{AgileManifesto,
  title = {Manifesto for Agile Software Development},
  author = {Kent Beck and Martin Fowler and Alistair Cockburn and Ken Schwaber and Erich Gamma},
  year = 2001,
  url = {http://agilemanifesto.org},
  urlaccessdate = {02/08/2011}
}

@misc{AgileStory,
  title = {Writing The Agile Manifesto},
  author = {Martin Fowler},
  year = {2006},
  url = {http://martinfowler.com/articles/agileStory.html},
  urlaccessdate = {28/09/2011}
}

@misc{ProgrammingIsEasySoftwareDevelopmentIsHard,
  title = {Programming is Easy, Software Development is Hard},
  author = {Krishna Kumar},
  year = 2011,
  url = {http://www.thoughtclusters.com/2011/01/programming-is-easy-software-development-is-hard/},
  urlaccessdate = {26/07/2011}
}

@misc{ResumoChaosReport,
  title = {CHAOS Report},
  subtitle = {Métodos Ágeis Aumentam Taxa de Sucesso de Projetos},
  author = {Bruno Adam Osiek},
  year = 2011,
  url = {http://blog.scrumhalf.com.br/2011/02/metodos-ageis-impactam-positivamente-no-sucesso-de-projetos},
  urlaccessdate = {08/08/2011}
}

@misc{FowlerCI,
  title = {Continuous Integration},
  author = {Martin Fowler},
  year = {2006},
  url ={http://martinfowler.com/articles/continuousIntegration.html},
  urlaccessdate = {25/08/2011}
}

@misc{MocksArentStubs,
  title = {Mocks Aren't Stubs},
  author = {Martin Fowler},
  year = {2007},
  url ={http://martinfowler.com/articles/mocksArentStubs.html},
  urlaccessdate = {10/09/2011}
}

@misc{AvdiMock,
  title = {Making a Mockery of TDD},
  author = {Avdi Grimm},
  year = {2011},
  url ={http://avdi.org/devblog/2011/09/06/making-a-mockery-of-tdd},
  urlaccessdate = {12/09/2011}
}

@misc{IntroducingBDD,
  title = {Introducing BDD},
  author = {Dan North},
  year = 2006,
  url = {http://dannorth.net/introducing-bdd},
  urlaccessdate = {25/09/2011}
}

@misc{CaelumCI,
  title = {Integração Contínua},
  author = {Cauê Guerra},
  year = 2008,
  url = {http://blog.caelum.com.br/integracao-continua},
  urlaccessdate = {29/09/2011}
}

@misc{ImproveitCI,
  title = {Integração Contínua},
  author = {Vinícius Manhães Teles},
  year = 2006,
  url = {http://improveit.com.br/xp/praticas/integracao},
  urlaccessdate = {29/09/2011}
}

@misc{ComparacaoTDDeBDD,
  title = {Comparação entre TDD e BDD},
  subtitle = {Como aprender um me ajudou com o outro},
  author = {Rodrigo Urubatan},
  year = {2011},
  url = {http://www.urubatan.com.br/comparacao-entre-tdd-e-bdd-como-aprender-um-me-ajudou-com-o-outro},
  urlaccessdate = {19/01/2012}
}

@misc{TDDAntiPatterns,
  title = {TDD Anti-Patterns},
  author = {James Carr},
  year = {2006},
  url = {http://blog.james-carr.org/2006/11/03/tdd-anti-patterns},
  urlaccessdate = {24/01/2012}
}

@misc{TestUnitVsRspec,
  title = {A Controvérsia Test::Unit vs RSpec/Cucumber},
  author = {Fábio Akita},
  year = {2011},
  url = {http://akitaonrails.com/2011/04/17/a-controversia-test-unit-vs-rspec-cucumber},
  urlaccessdate = {26/01/2012}
}

@misc{DSLFowler,
  title = {DomainSpecificLanguage},
  author = {Martin Fowler},
  year = {2008},
  url = {http://martinfowler.com/bliki/DomainSpecificLanguage.html},
  urlaccessdate = {22/02/2012}
}

@misc{SteakOverCucumber,
  title = {Why Steak (over Cucumber)},
  author = {Sergio Gil Pérez de la Manga},
  year = {2011},
  url = {https://gist.github.com/770894},
  urlaccessdate = {23/02/2012}
}

@misc{WhyBotherWithCucumberTesting,
  title = {Why Bother With Cucumber Testing?},
  subtitle = {The disadvantages of using Cucumber and its widespread use as a poor man's integration test},
  author = {Jack Kinsella},
  year = {2011},
  url = {http://www.jackkinsella.ie/2011/09/26/why-bother-with-cucumber-testing.html},
  urlaccessdate = {26/02/2012}
}

@misc{CucumberForVegetarians,
  title = {Steak: because Cucumber is for vegetarians!},
  author = {Jeff Kreeftmeijer},
  year = {2010},
  url = {http://jeffkreeftmeijer.com/2010/steak-because-cucumber-is-for-vegetarians/},
  urlaccessdate = {26/02/2012}
}

@misc{ClientsWritingCucumber,
  title = {Clients writing Cucumber stories?},
  author = {Jeff Kreeftmeijer},
  year = {2010},
  url = {http://jeffkreeftmeijer.com/2010/clients-writing-cucumber-stories/},
  urlaccessdate = {26/02/2012}
}

@misc{TDDGiveMeABreak,
  title = {Test-Driven Development? Give me a break...},
  author = {Peter Sergeant},
  year = {2011},
  url = {http://www.writemoretests.com/2011/09/test-driven-development-give-me-break.html},
  urlaccessdate = {02/03/2012}
}

@misc{WikiTesting,
  title = {Software testing},
  author = {Wikipedia},
  year = {2012},
  url = {http://en.wikipedia.org/wiki/Software%5Ftesting},
  urlaccessdate = {11/03/2012}
}

@misc{CargoCulting,
  title = {Cargo cult programming},
  author = {Wikipedia},
  year = {2012},
  url = {http://en.wikipedia.org/wiki/Cargo%5Fcult%5Fprogramming},
  urlaccessdate = {03/03/2012}
}

@misc{ChromaticTDD,
  title = {Always TDD, Except When You Shouldn't},
  author = {Chromatic},
  year = {2011},
  url = {http://www.modernperlbooks.com/mt/2011/09/always-tdd-except-when-you-shouldnt.html},
  urlaccessdate = {03/03/2012}
}

@misc{YankoCapybara,
  title = {Capybara with Given/When/Then steps in acceptance testing},
  author = {Andriy Yanko},
  year = {2012},
  url = {http://blog.railsware.com/2012/01/08/capybara-with-givenwhenthen-steps-in-acceptance-testing},
  urlaccessdate = {08/03/2012}
}

@misc{CommitAddTeam,
  title = {Create the Team. A team have has and belongs to many projects and contributors},
  author = {Hugo Maia Vieira},
  year = {2010},
  month = {dezembro},
  url = {http://github.com/hugomaiavieira/kanban-roots/commit/0097a26d99b675996f44ca32a582d1ca8fe07b6c},
  urlaccessdate = {12/03/2012}
}

@misc{CommitRemoveTeam,
  title = {Remove Team},
  author = {Hugo Maia Vieira},
  year = {2011},
  month = {abril},
  url = {http://github.com/hugomaiavieira/kanban-roots/commit/a1c2b86d2e6d706ae1ff3d39ccf5ecef3584d208},
  urlaccessdate = {12/03/2012}
}

@misc{UnitForAReason,
  title = {Everyday Tales},
  subtitle = {We Call It Unit For A Reason},
  author = {Phillipe Cal{\c{c}}ado},
  year = {2010},
  month = {junho},
  url = {http://philcalcado.com/2010/06/07/everyday_tales_we_call_it_unit_for_a_reason.html},
  urlaccessdate = {13/03/2012}
}

@monography{BDDRodrigo,
  title = {{Behaviour-Driven Development: Uma Abordagem Ágil para Engenharia de Software}},
  author = {Rodrigo Soares Manh{\~ a}es},
  type = {Pós-graduação},
  year = 2010,
  school = {Escola Superior Aberta do Brasil},
  address = {Vila Velha}
}

@mastersthesis{MestradoTeles,
  title = {Um Estudo de Caso da Adoção das Práticas e Valores do Extreme Programming},
  author = {Vinícius Teles},
  type = {Mestrado em Informática},
  year = 2005,
  address = {Rio de Janeiro},
  school = {Núcleo de Computação Eletrônica/Universidade Federal do Rio de Janeiro},
  url = {http://improveit.com.br/xp/dissertacaoXP.pdf}
}